@article{GreenTao12,
  title={The M{\"o}bius function is strongly orthogonal to nilsequences},
  author={Green, Ben and Tao, Terence},
  journal={Annals of Mathematics},
  pages={541--566},
  year={2012},
  publisher={JSTOR}
}

@article{Liu22,
  title={Sieve Method (2) - Inclusion-Exclusion and the Eratosthenes Sieve (Translated)},
  author={Liu, Zi Hao},
  url={https://zhuanlan.zhihu.com/p/385530517},
  year={2022}
}

@book{CojocaruMurty05,
  title={An Introduction to Sieve Methods and Their Applications},
  author={Cojocaru, A.C. and Murty, M.R. and London Mathematical Society},
  isbn={9780521848169},
  lccn={2006296103},
  series={An Introduction to Sieve Methods and Their Applications},
  url={https://books.google.co.uk/books?id=1swo9Yf3d2YC},
  year={2005},
  publisher={Cambridge University Press}
}

@book{Greaves01,
  title={Sieves in Number Theory},
  ISBN={9783662046586},
  url={http://dx.doi.org/10.1007/978-3-662-04658-6},
  DOI={10.1007/978-3-662-04658-6},
  publisher={Springer Berlin Heidelberg},
  author={Greaves, George},
  year={2001}
}

@book{Vaughan97,
  title={The Hardy-Littlewood Method},
  ISBN={0521573475},
  publisher={Cambridge University Press},
  author={Vaughan, R. C.},
  year={1997}
}

@misc{Soundararajan06,
  title={Small gaps between prime numbers: The work of Goldston-Pintz-Yildirim},
  author={K. Soundararajan},
  year={2006},
  eprint={math/0605696},
  archivePrefix={arXiv},
  primaryClass={math.NT}
}

@misc{GPY05,
  title={Primes in Tuples I},
  author={D. A. Goldston and J. Pintz and C. Y. Yildirim},
  year={2005},
  eprint={math/0508185},
  archivePrefix={arXiv},
  primaryClass={math.NT}
}

@misc{Maynard19,
  title={Small gaps between primes},
  author={James Maynard},
  year={2019},
  eprint={1311.4600},
  archivePrefix={arXiv},
  primaryClass={math.NT}
}

% TODO: CITATIONS
